@article{MV1,
    author = "A. Morozov and L. Vinet",
    title = "Free-Field Representation of Group Element for Simple Quantum Groups",
    journal = "Int.J.Mod.Phys.",
    volume = "A13",
    year = "1998",
    pages = "1651--1708",
    eprint = "ITEP-M3/94, CRM-2202, hep-th/9409093"
}

@article{FG1,
    author = "V.V. Fock and A.B. Goncharov",
    title = "Cluster ensembles, quantization and the dilogarithm",
    eprint = "math.AG/0311245"
}

@article{FG2,
    author = "V.V. Fock and A.B. Goncharov",
    title = "Cluster {X}-varieties, amalgamation and {Poisson}-{Lie} groups",
    archivePrefix = "arXiv",
    eprint = "math/0508408",
    journal = "Progress in Mathematics",
    volume = "253",
    year = "2006",
    pages = "27--68"
}

@article{Hik1,
    author = "K. Hikami and R. Inoue",
    title = "Braids, Complex volume and Cluster Algebra",
    archivePrefix = "arXiv",
    eprint = "1304.4776",
}

@article{Mars1,
    author = "A. Marshakov",
    title = "{Lie} Groups, Cluster Variables and Integrable Systems",
    archivePrefix = "arXiv",
    eprint = "1207.1869",
    journal = "Journal of Geometry and Physics",
    volume = "67",
    year = "2013",
    pages = "16--36"
}

@article{M1,
    author = "A. Morozov",
    title = "String theory: What is it?",
    journal = "Sov.Phys.Usp.",
    volume = "35",
    year = "1992",
    pages = "671--714"
}

@article{M2,
    author = "A. Morozov",
    title = "Integrability and matrix models",
    eprint = "hep-th/9303139",
    journal = "Phys.Usp.",
    volume = "37",
    year = "1994",
    pages = "1--55"
}

@article{AASZ,
    author = "G. Aminov and S. Arthamonov and A. Smirnov and A.Zotov",
    title = "Rational top and its classical {R}-matrix",
    archivePrefix = "arXiv",
    eprint = "1402.3189",
    journal = "J. Phys. A: Math. Theor.",
    volume = "47",
    year = "2014"
}


@article{LOZ1,
    author = "A. Levin and M. Olshanetsky and A. Zotov",
    title = "Classification of Isomonodromy Problems on Elliptic Curves",
    archivePrefix = "arXiv",
    eprint = "1311.4498",
    journal = "Russian Mathematical Surveys",
    volume = "69",
    number = "1"
}

@article{GShTV,
    author = "M. Gekhtman and M. Shapiro and S. Tabachnikov and A. Vainshtein",
    title = "Higher pentagram maps, weighted directed networks and cluster dynamics",
    archivePrefix = "arXiv",
    eprint = "1110.0472"
}

@article{GShV,
    author = "M. Gekhtman and M. Shapiro and A. Vainshtein",
    title = "Cluster structures on simple complex {Lie} groups and {Belavin}-{Drinfeld} classification",
    archivePrefix = "arXiv",
    eprint = "1110.0472"
}


@article{FM,
    author = "V. Fock and A. Marshakov",
    title = "Loop groups, Clusters, Dimers and Integrable systems",
    archivePrefix = "arXiv",
    eprint = "1401.1606"
}
